	@misc{Omnet,
		title = {What is OMNeT++?},
		year = {2019},
		url = {https://omnetpp.org/intro/}
	}

	
	@misc{Interconnection,
		title = {{Interconnection Network Design - Tutorialspoint}},
		year = {2021},
		month = {Jun},
		note = {[Online; accessed 17. Jun. 2021]},
		url = {https://www.tutorialspoint.com/parallel_computer_architecture/parallel_computer_architecture_interconnection_network_design.htm}
	}
	
	@misc{Topology,
		title = {REDES DE INTERCONEXIÓN},
		note = {[Online; accessed 17. Jun. 2021]},
		url = {https://www.infor.uva.es/~bastida/Arquitecturas%20Avanzadas/Redes.pdf}
	}
	
	@misc{TopologyMaster,
		year = {2011},
		month = {Sep},
		title = {Más allá de la tecnología: Topologías toro 3DT.},
		note = {[Online; accessed 17. Jun. 2021]},
		url = {https://ruidera.uclm.es/xmlui/bitstream/handle/10578/2406/TFM%20And%C3%BAjar%20Mu%C3%B1oz.pdf?sequence=3&isAllowed=y}
	}
	
	
	
	@misc{DirectTopologies,
		title = {REDES DE INTERCONEXIÓN PARA COMPUTADORES MASIVAMENTE PARALELOS},
		note = {[Online; accessed 17. Jun. 2021]},
		url = {https://webs.um.es/jmgarcia/miwiki/lib/exe/fetch.php?media=escuela94.pdf}
	}
	
	@misc{shareNetworks,
		title = {Sistemas de Procesadores Paralelos},
		note = {[Online; accessed 22. Jun. 2021]},
		url = {https://users.exa.unicen.edu.ar/catedras/arqui2/arqui2/filminas/Sistemas%20de%20Procesadores%20paralelos_PARTE%20I.pdf}
	}
	
	@misc{BibEntry2015Feb,
		title = {{Introduction to Remote Direct Memory Access (RDMA) - RDMAmojo}},
		journal = {RDMAmojo},
		year = {2015},
		month = {2},
		note = {[Online; accessed 28. Jun. 2021]}
		\url{http://www.rdmamojo.com/2014/03/31/remote-direct-memory-access-rdma}}
	}
